<record><leader>01830cam a2200433 a 4500</leader><controlfield tag="001">1375836</controlfield><controlfield tag="008">910522s1985    quc      b      1 0 eng d</controlfield><datafield ind1=" " ind2=" " tag="010"><subfield code="a">c  85090201 -0</subfield></datafield><datafield ind1=" " ind2=" " tag="010"><subfield code="a">   86110214</subfield></datafield><datafield ind1=" " ind2=" " tag="020"><subfield code="a">0920057527 (pbk.)</subfield><subfield code="z">0920057535 (hard)</subfield></datafield><datafield ind1=" " ind2=" " tag="035"><subfield code="a">ocm13244740</subfield></datafield><datafield ind1=" " ind2=" " tag="040"><subfield code="a">DLC</subfield><subfield code="b">eng</subfield><subfield code="c">DLC</subfield></datafield><datafield ind1=" " ind2=" " tag="049"><subfield code="a">ACAL</subfield></datafield><datafield ind1=" " ind2=" " tag="049"><subfield code="a">AEU</subfield><subfield code="b">eng</subfield></datafield><datafield ind1="0" ind2="0" tag="050"><subfield code="a">HX626</subfield><subfield code="b">.M45 1985</subfield></datafield><datafield ind1="0" ind2=" " tag="082"><subfield code="a">335/.9</subfield><subfield code="2">19</subfield></datafield><datafield ind1="0" ind2=" " tag="090"><subfield code="a">HX/626/.M45</subfield><subfield code="b">GPRC</subfield></datafield><datafield ind1="0" ind2=" " tag="090"><subfield code="a">HX 626 M527 1985</subfield></datafield><datafield ind1=" " ind2=" " tag="090"><subfield code="a">HX 626 M45 1985</subfield><subfield code="b">ACAL</subfield></datafield><datafield ind1="0" ind2=" " tag="090"><subfield code="a">HX 626 M45 1985</subfield><subfield code="b">AEKC</subfield></datafield><datafield ind1=" " ind2=" " tag="090"><subfield code="a">HX626 .M34</subfield><subfield code="b">AEGMCT</subfield></datafield><datafield ind1="1" ind2=" " tag="100"><subfield code="a">Melnyk, George.</subfield></datafield><datafield ind1="1" ind2="4" tag="245"><subfield code="a">The search for community :</subfield><subfield code="b">from utopia to a co-operative society /</subfield><subfield code="c">George Melnyk.</subfield></datafield><datafield ind1=" " ind2=" " tag="260"><subfield code="a">Montr&#233;al ;</subfield><subfield code="a">Buffalo :</subfield><subfield code="b">Black Rose Books,</subfield><subfield code="c">c1985.</subfield></datafield><datafield ind1=" " ind2=" " tag="300"><subfield code="a">xv, 170 p. ;</subfield><subfield code="c">23 cm.</subfield></datafield><datafield ind1=" " ind2=" " tag="336"><subfield code="a">text</subfield><subfield code="b">txt</subfield><subfield code="2">rdacontent</subfield></datafield><datafield ind1=" " ind2=" " tag="337"><subfield code="a">unmediated</subfield><subfield code="b">n</subfield><subfield code="2">rdamedia</subfield></datafield><datafield ind1=" " ind2=" " tag="338"><subfield code="a">volume</subfield><subfield code="b">nc</subfield><subfield code="2">rdacarrier</subfield></datafield><datafield ind1=" " ind2=" " tag="504"><subfield code="a">Includes bibliographical references and index.</subfield></datafield><datafield ind1=" " ind2=" " tag="590"><subfield code="a">University of Alberta copy in the Bryan-Gruhn collection.</subfield><subfield code="5">CaAEU</subfield></datafield><datafield ind1=" " ind2=" " tag="596"><subfield code="a">16 28 29 31 38</subfield></datafield><datafield ind1=" " ind2="0" tag="650"><subfield code="a">Cooperation.</subfield></datafield><datafield ind1=" " ind2="0" tag="650"><subfield code="a">Cooperative societies.</subfield></datafield><datafield ind1=" " ind2="0" tag="650"><subfield code="a">Collective settlements.</subfield></datafield><datafield ind1=" " ind2=" " tag="926"><subfield code="a">HX 626 M527 1985</subfield><subfield code="w">LC</subfield><subfield code="c">3</subfield><subfield code="i">0162006337677</subfield><subfield code="d">4/2/2004</subfield><subfield code="e">3/4/2004</subfield><subfield code="l">ON_SHELF</subfield><subfield code="m">UABARD</subfield><subfield code="n">1</subfield><subfield code="p">$150.00</subfield><subfield code="r">Y</subfield><subfield code="s">Y</subfield><subfield code="t">BOOK</subfield><subfield code="u">6/30/1997</subfield><subfield code="o">.STAFF.  BA0000826</subfield></datafield><datafield ind1=" " ind2=" " tag="926"><subfield code="a">HX 626 M45 1985</subfield><subfield code="w">LC</subfield><subfield code="c">1</subfield><subfield code="i">11910000519170</subfield><subfield code="d">11/9/1998</subfield><subfield code="l">ON_SHELF</subfield><subfield code="m">UAAUG</subfield><subfield code="n">3</subfield><subfield code="r">Y</subfield><subfield code="s">Y</subfield><subfield code="t">BOOK</subfield><subfield code="u">10/26/1994</subfield></datafield><datafield ind1=" " ind2=" " tag="926"><subfield code="a">HX 626 M45 1985</subfield><subfield code="w">LC</subfield><subfield code="c">1</subfield><subfield code="i">31979000044717</subfield><subfield code="d">3/15/2002</subfield><subfield code="l">ON_SHELF</subfield><subfield code="m">KINGS</subfield><subfield code="n">3</subfield><subfield code="r">Y</subfield><subfield code="s">Y</subfield><subfield code="t">BOOK</subfield><subfield code="u">7/24/1995</subfield></datafield><datafield ind1=" " ind2=" " tag="926"><subfield code="a">HX 626 .M45</subfield><subfield code="w">LC</subfield><subfield code="c">1</subfield><subfield code="i">31847000234796</subfield><subfield code="d">4/15/2004</subfield><subfield code="e">3/31/2004</subfield><subfield code="f">5/25/2000</subfield><subfield code="l">ON_SHELF</subfield><subfield code="m">GPRC_GP</subfield><subfield code="n">9</subfield><subfield code="p">$150.00</subfield><subfield code="r">Y</subfield><subfield code="s">Y</subfield><subfield code="t">BOOK</subfield><subfield code="u">11/23/1993</subfield></datafield><datafield ind1=" " ind2=" " tag="926"><subfield code="a">HX626 .M34</subfield><subfield code="w">LC</subfield><subfield code="c">1</subfield><subfield code="i">1001351111</subfield><subfield code="d">2/9/2009</subfield><subfield code="e">1/29/2009</subfield><subfield code="f">5/4/2006</subfield><subfield code="g">1</subfield><subfield code="l">ON_SHELF</subfield><subfield code="m">GR_MACEWAN</subfield><subfield code="n">5</subfield><subfield code="p">$15.59</subfield><subfield code="r">Y</subfield><subfield code="s">Y</subfield><subfield code="t">BOOK</subfield><subfield code="u">2/23/1990</subfield></datafield></record>